
% This is an example of a string: this is the way you do variables in BiBTex
% @string{variable_name="string the variable_name refers to"}
@string{aij= "Artificial Intelligence"}


% This is an example of a book. By putting the title in {{ double brackets,
% capitalisation is preserved.

@book{NumericalRecipes,
  title={{Numerical recipes in C}},
  author={Press, W.H. and others},
  year={1992},
  publisher={Cambridge University Press Cambridge},
  pages = {349--361},
  annote={This is my annotation. I can add in comments that are in \textbf{bold} and \em{italics} and then other content.},
}


% This is an example of a conference paper. Note the accented character in the
% author list.  Again, capitalisation of the title is important so it is in
% double brackets

@INPROCEEDINGS{MarksPaper,
    author = {Dr. Alistair Cockburn},
    title = {{Using Both Incremental and Iterative Development}},
    booktitle = {STSC CrossTalk (USAF Software Technology Support Center)},
    year = {2008},
    pages = {27--30},
    publisher = {CrossTalk},
    annote={Detailed explanation and usefullness of the iterative development model}
}

% This is an example of a journal article. We use the variable defined at the
% top here - by typing aij, we get Artificial Intelligence journal title
% without having to type it out
@article{HannahsPaper,
 author={Dee, H. M. and Hogg, D. C.},
 title={Navigational strategies in behaviour modelling},
 year=2009,
 journal=aij,
 volume={173(2)},
 pages={329-342},
 annote={This is my annotation. I should add in a description here.}
}

% This is an example of a URL reference
% Note you should try to identify authorship of web resources
% Also note you should include the date you last accessed the page.
@MISC{mitprint,
author = {Stuart Nathan},
title = {Printing Parts},
month = Aug,
year = {2011},
howpublished={\url{http://www.technologyreview.com/demo/425133/printing-parts/}},
note={Accessed March 2013},
annote={MIT review of 3D printing parts for commercial aircraft.}
}

@MISC{f1print,
author = {Ari Honka},
title = {3D Printing in F1},
month = Jan,
year = {2013},
howpublished={\url{http://3dprintingindustry.com/2013/01/22/3d-printing-in-f1-3dpi-talks-to-robert-fernley-from-the-sahara-force-india-team/}},
note={Accessed February 2013},
annote={Interview with Formula One team's deputy team principal Robert Fernley talking about using 3D printing in formula one car development.}
}

@MISC{felix,
author = {Guillaume Feliksdal},
title = {Felix Printers},
howpublished={\url{http://www.felixprinters.com}},
note={Accessed July 2012},
annote={Source for the 3D printer used to make parts in this project.}
}


@MISC{mobilerobots,
author = {Adept Mobilerobots LLC},
title = {Adept Mobilerobots},
year = {2012},
howpublished={\url{http://www.mobilerobots.com/ResearchRobots.aspx}},
note={Accessed October 2012},
annote={Information various models of research robots and additional modules for them.}
}

@misc{kittenpic_ref,
  author="Sylvia Duckworth",
 title={{A picture of a kitten at Hellifield Peel}},
 howpublished={\url{http://www.geograph.org.uk/photo/640959}},
 year=2007,
 note={Copyright Sylvia Duckworth and licensed for reuse under a Creative Commons Attribution-Share Alike 2.0 Generic Licence. Accessed August 2011},
 annote={This is my annotation. I should add in a description here.}
}
